@article{radford2018improving,
  author  = {A. Radford and K. Narasimhan and T. Salimans and I. Sutskever and et al.},
  title   = {Improving language understanding by generative pre-training},
  year    = {2018},
  journal = {arXiv preprint},
  note    = {arXiv:1801.06146}
}

@article{devlin2018bert,
  author  = {J. Devlin and M.-W. Chang and K. Lee and K. Toutanova},
  title   = {Bert: Pre-training of deep bidirectional transformers for language understanding},
  year    = {2018},
  journal = {arXiv preprint arXiv:1810.04805}
}

@article{touvron2023llama,
  author  = {H. Touvron and T. Lavril and G. Izacard and X. Martinet and M.-A. Lachaux and T. Lacroix and B. Rozière and N. Goyal and E. Hambro and F. Azhar and et al.},
  title   = {Llama: Open and efficient foundation language models},
  year    = {2023},
  journal = {arXiv preprint arXiv:2302.13971}
}

@article{jiang2023mistral,
  author  = {A. Q. Jiang and A. Sablayrolles and A. Mensch and C. Bamford and D. S. Chaplot and D. d. l. Casas and F. Bressand and G. Lengyel and G. Lample and L. Saulnier and et al.},
  title   = {Mistral 7B},
  year    = {2023},
  journal = {arXiv preprint arXiv:2310.06825}
}

@inproceedings{vaswani2017attention,
  author    = {A. Vaswani and N. Shazeer and N. Parmar and J. Uszkoreit and L. Jones and A. N. Gomez and Kaiser and I. Polosukhin},
  title     = {Attention is all you need},
  booktitle = {Advances in neural information processing systems 30},
  year      = {2017}
}

@inproceedings{lewis2020retrieval,
  author    = {P. Lewis and E. Perez and A. Piktus and F. Petroni and V. Karpukhin and N. Goyal and H. Küttler and M. Lewis and W.-t. Yih and T. Rocktäschel and et al.},
  title     = {Retrieval-augmented generation for knowledge-intensive NLP tasks},
  booktitle = {Advances in Neural Information Processing Systems 33},
  year      = {2020},
  pages     = {9459--9474}
}

@article{zhao2023survey,
  author  = {W. X. Zhao and K. Zhou and J. Li and T. Tang and X. Wang and Y. Hou and Y. Min and B. Zhang and J. Zhang and Z. Dong and et al.},
  title   = {A survey of large language models},
  year    = {2023},
  journal = {arXiv preprint arXiv:2303.18223}
}

@article{rosenfeld2000two,
  author  = {R. Rosenfeld},
  title   = {Two decades of statistical language modeling: Where do we go from here?},
  journal = {Proceedings of the IEEE},
  volume  = {88},
  number  = {8},
  pages   = {1270--1278},
  year    = {2000}
}

@inproceedings{bengio2000neural,
  author    = {Y. Bengio and R. Ducharme and P. Vincent},
  title     = {A neural probabilistic language model},
  booktitle = {Advances in neural information processing systems 13},
  year      = {2000}
}

@article{mikolov2013efficient,
  author  = {T. Mikolov and K. Chen and G. Corrado and J. Dean},
  title   = {Efficient estimation of word representations in vector space},
  journal = {arXiv preprint arXiv:1301.3781},
  year    = {2013}
}

@inproceedings{pennington2014glove,
  author    = {J. Pennington and R. Socher and C. D. Manning},
  title     = {Glove: Global vectors for word representation},
  booktitle = {Proceedings of the 2014 conference on empirical methods in natural language processing (EMNLP)},
  year      = {2014},
  pages     = {1532--1543}
}

@article{chowdhery2023palm,
  author  = {A. Chowdhery and S. Narang and J. Devlin and M. Bosma and G. Mishra and A. Roberts and P. Barham and H. W. Chung and C. Sutton and S. Gehrmann and et al.},
  title   = {Palm: Scaling language modeling with pathways},
  journal = {Journal of Machine Learning Research},
  volume  = {24},
  number  = {240},
  pages   = {1--113},
  year    = {2023}
}

@article{lewis2019bart,
  author  = {M. Lewis and Y. Liu and N. Goyal and M. Ghazvininejad and A. Mohamed and O. Levy and V. Stoyanov and L. Zettlemoyer},
  title   = {Bart: Denoising sequence-to-sequence pre-training for natural language generation, translation, and comprehension},
  journal = {arXiv preprint arXiv:1910.13461},
  year    = {2019}
}

@article{raffel2020exploring,
  author  = {C. Raffel and N. Shazeer and A. Roberts and K. Lee and S. Narang and M. Matena and Y. Zhou and W. Li and P. J. Liu},
  title   = {Exploring the limits of transfer learning with a unified text-to-text transformer},
  journal = {Journal of machine learning research},
  volume  = {21},
  number  = {140},
  pages   = {1--67},
  year    = {2020}
}

@article{gao2023retrievalaugmented,
  author  = {Y. Gao and Y. Xiong and X. Gao and K. Jia and J. Pan and Y. Bi and Y. Dai and J. Sun and H. Wang},
  title   = {Retrieval-augmented generation for large language models: A survey},
  journal = {arXiv preprint arXiv:2312.10997},
  year    = {2023}
}

@article{li2024matching,
  author  = {X. Li and J. Jin and Y. Zhou and Y. Zhang and P. Zhang and Y. Zhu and Z. Dou},
  title   = {From Matching to Generation: A Survey on Generative Information Retrieval},
  journal = {arXiv preprint arXiv:2404.14851},
  year    = {2024}
}

@article{salton1983extended,
  author  = {G. Salton and E. A. Fox and H. Wu},
  title   = {Extended boolean information retrieval},
  journal = {Communications of the ACM},
  volume  = {26},
  number  = {11},
  pages   = {1022--1036},
  year    = {1983}
}

@article{luhn1957statistical,
  author  = {H. P. Luhn},
  title   = {A statistical approach to mechanized encoding and searching of literary information},
  journal = {IBM Journal of Research and Development},
  volume  = {1},
  number  = {4},
  pages   = {309--317},
  year    = {1957}
}

@article{robertson2009probabilistic,
  author  = {S. Robertson and H. Zaragoza},
  title   = {The probabilistic relevance framework: BM25 and beyond},
  journal = {Foundations and Trends® in Information Retrieval},
  volume  = {3},
  number  = {4},
  pages   = {333--389},
  year    = {2009}
}

@article{karpukhin2020dense,
  author  = {V. Karpukhin and B. O˘guz and S. Min and P. Lewis and L. Wu and S. Edunov and D. Chen and W.-t. Yih},
  title   = {Dense passage retrieval for open-domain question answering},
  journal = {arXiv preprint arXiv:2004.04906},
  year    = {2020}
}

@inproceedings{burges2005learning,
  author    = {C. Burges and T. Shaked and E. Renshaw and A. Lazier and M. Deeds and N. Hamilton and G. Hullender},
  title     = {Learning to rank using gradient descent},
  booktitle = {Proceedings of the 22nd international conference on Machine learning},
  year      = {2005},
  pages     = {89--96}
}

@inproceedings{cao2007learning,
  author    = {Z. Cao and T. Qin and T.-Y. Liu and M.-F. Tsai and H. Li},
  title     = {Learning to rank: from pairwise approach to listwise approach},
  booktitle = {Proceedings of the 24th international conference on Machine learning},
  year      = {2007},
  pages     = {129--136}
}

@article{nogueira2019passage,
  author  = {R. Nogueira and K. Cho},
  title   = {Passage Re-ranking with BERT},
  journal = {arXiv preprint arXiv:1901.04085},
  year    = {2019}
}

@inproceedings{guu2020realm,
  author    = {K. Guu and K. Lee and Z. Tung and P. Pasupat and M. Chang},
  title     = {REALM: Retrieval augmented language model pre-training},
  booktitle = {International conference on machine learning},
  year      = {2020},
  pages     = {3929--3938}
}

@article{izacard2020leveraging,
  author  = {G. Izacard and E. Grave},
  title   = {Leveraging passage retrieval with generative models for open domain question answering},
  journal = {arXiv preprint arXiv:2007.01282},
  year    = {2020}
}

@inproceedings{borgeaud2022improving,
  author    = {S. Borgeaud and A. Mensch and J. Hoffmann and T. Cai and E. Rutherford and K. Millican and G. B. Van Den Driessche and J.-B. Lespiau and B. Damoc and A. Clark and et al.},
  title     = {Improving language models by retrieving from trillions of tokens},
  booktitle = {International conference on machine learning},
  year      = {2022},
  pages     = {2206--224}
}

@article{oguz2020unikqa,
  author  = {B. Oguz and X. Chen and V. Karpukhin and S. Peshterliev and D. Okhonko and M. Schlichtkrull and S. Gupta and Y. Mehdad and S. Yih},
  title   = {Unik-qa: Unified representations of structured and unstructured knowledge for open-domain question answering},
  year    = {2020},
  journal = {arXiv preprint arXiv:2012.14610}
}

@article{li2021knowledge,
  author  = {Y. Li and B. Peng and Y. Shen and Y. Mao and L. Liden and Z. Yu and J. Gao},
  title   = {Knowledge-grounded dialogue generation with a unified knowledge representation},
  year    = {2021},
  journal = {arXiv preprint arXiv:2112.07924}
}

@article{weijia2023replug,
  author  = {S. Weijia and M. Sewon and Y. Michihiro and S. Minjoon and J. Rich and L. Mike and et al.},
  title   = {REPLUG: Retrieval-augmented black-box language models},
  year    = {2023},
  journal = {arXiv preprint arXiv:2301.12652}
}

@inproceedings{berant2013semantic,
  author    = {J. Berant and A. Chou and R. Frostig and P. Liang},
  title     = {Semantic parsing on freebase from question-answer pairs},
  booktitle = {Proceedings of the 2013 conference on empirical methods in natural language processing},
  year      = {2013},
  pages     = {1533--1544}
}

@inproceedings{wang2021retrieval,
  author    = {Z. Wang and P. Ng and R. Nallapati and B. Xiang},
  title     = {Retrieval, re-ranking and multi-task learning for knowledge-base question answering},
  booktitle = {Proceedings of the 16th Conference of the European Chapter of the Association for Computational Linguistics: Main Volume},
  year      = {2021},
  pages     = {347--357}
}

@article{baek2023direct,
  author  = {J. Baek and A. F. Aji and J. Lehmann and S. J. Hwang},
  title   = {Direct fact retrieval from knowledge graphs without entity linking},
  year    = {2023},
  journal = {arXiv preprint arXiv:2305.12416}
}

@inproceedings{wang2024knowledge,
  author    = {Y. Wang and N. Lipka and R. A. Rossi and A. Siu and R. Zhang and T. Derr},
  title     = {Knowledge graph prompting for multi-document question answering},
  booktitle = {Proceedings of the AAAI Conference on Artificial Intelligence},
  volume    = {38},
  number    = {17},
  year      = {2024},
  pages     = {19206--19214}
}

@article{fu2020survey,
  author  = {B. Fu and Y. Qiu and C. Tang and Y. Li and H. Yu and J. Sun},
  title   = {A survey on complex question answering over knowledge base: Recent advances and challenges},
  year    = {2020},
  journal = {arXiv preprint arXiv:2007.13069}
}

@misc{langchain2024,
  author = {LangChain},
  title  = {LangChain: Chain for question-answering against a graph by generating Cypher statements},
  year   = {2024},
  note   = {LangChain Documentation},
  url    = {https://api.python.langchain.com/en/latest/chains/langchain.chains.graph_qa.cypher.GraphCypherQAChain.html}
}

@article{microsoftGraphRAG,
  author  = {Darren Edge and Ha Trinh and Newman Cheng and Joshua Bradley and Alex Chao and Apurva Mody and Steven Truitt and Jonathan Larson},
  title   = {From Local to Global: A Graph RAG Approach to Query-Focused Summarization},
  year    = {2024},
  journal = {Microsoft Research},
  url     = {mailto:daedge@microsoft.com, trinhha@microsoft.com, newmancheng@microsoft.com, joshbradley@microsoft.com, achao@microsoft.com, moapurva@microsoft.com, steventruitt@microsoft.com, jolarso@microsoft.com}
}

@article{HybridRAG2024,
  title        = {HybridRAG: Integrating Knowledge Graphs and Vector Retrieval Augmented Generation for Efficient Information Extraction},
  author       = {Bhaskarjit Sarmah and Benika Hall and Rohan Rao and Sunil Patel and Stefano Pasquali and Dhagash Mehta},
  journal      = {arXiv preprint arXiv:2408.04948},
  year         = {2024},
  organization = {BlackRock, Inc. and NVIDIA},
  address      = {New York, NY, USA and Santa Clara, CA, USA and Gurugram, India}
}

@article{tog2_2024,
  author  = {Shengjie Ma and Chengjin Xu and Xuhui Jiang and Muzhi Li and Huaren Qu and Cehao Yang and Jiaxin Mao and Jian Guo},
  title   = {THINK-ON-GRAPH 2.0: Deep and Faithful Large Language Model Reasoning with Knowledge-Guided Retrieval Augmented Generation},
  journal = {IDEA Research, International Digital Economy Academy},
  year    = {2024},
  url     = {https://arxiv.org/pdf/2307.07697}
}

@article{tog_2024,
  author  = {Jiashuo Sun and Chengjin Xu and Lumingyuan Tang and Saizhuo Wang and Chen Lin and Yeyun Gong and Lionel M. Ni and Heung-Yeung Shum and Jian Guo},
  title   = {Think-on-Graph: Deep and Responsible Reasoning of Large Language Model on Knowledge Graph},
  journal = {arXiv preprint arXiv:2407.10805},
  year    = {2024},
  url     = {https://arxiv.org/abs/2407.10805}
}

@article{Llama3Models2024,
  title        = {The Llama 3 Herd of Models: A Path Towards Multimodal AI with Vision and Speech Capabilities},
  author       = {Meta AI},
  journal      = {arXiv preprint arXiv:2407.21783},
  year         = {2024},
  url          = {https://arxiv.org/abs/2407.21783},
  note         = {Accessed: 2024-12-02},
  organization = {Meta},
  address      = {Menlo Park, CA, USA}
}

@article{BGE_M3_Embedding2024,
  title        = {BGE M3-Embedding: Multi-Lingual, Multi-Functionality, Multi-Granularity Text Embeddings Through Self-Knowledge Distillation},
  author       = {Rohan Rao and Benjamin Hall and Stefano Pasquali and Sunil Patel and Bhaskarjit Sarmah and Dhagash Mehta},
  journal      = {arXiv preprint arXiv:2402.03216},
  year         = {2024},
  organization = {BlackRock, Inc. and NVIDIA},
  address      = {New York, NY, USA and Santa Clara, CA, USA and Gurugram, India}
}

@inproceedings{rajpurkar-etal-2016-squad,
  title     = {{SQuAD}: 100,000+ Questions for Machine Comprehension of Text},
  author    = {Pranav Rajpurkar and Jian Zhang and Konstantin Lopyrev and Percy Liang},
  editor    = {Jian Su and Kevin Duh and Xavier Carreras},
  booktitle = {Proceedings of the 2016 Conference on Empirical Methods in Natural Language Processing},
  month     = nov,
  year      = {2016},
  address   = {Austin, Texas},
  publisher = {Association for Computational Linguistics},
  url       = {https://aclanthology.org/D16-1264},
  doi       = {10.18653/v1/D16-1264},
  pages     = {2383--2392}
}

@misc{wang2020minilmdeepselfattentiondistillation,
  title         = {MiniLM: Deep Self-Attention Distillation for Task-Agnostic Compression of Pre-Trained Transformers},
  author        = {Wenhui Wang and Furu Wei and Li Dong and Hangbo Bao and Nan Yang and Ming Zhou},
  year          = {2020},
  eprint        = {2002.10957},
  archiveprefix = {arXiv},
  primaryclass  = {cs.CL},
  url           = {https://arxiv.org/abs/2002.10957}
}

@article{Turing1950-TURCMA,
  author    = {Alan Turing},
  doi       = {10.1093/mind/lix.236.433},
  journal   = {Mind},
  number    = {October},
  pages     = {433--60},
  publisher = {Oxford University Press},
  title     = {Computing Machinery and Intelligence},
  volume    = {59},
  year      = {1950}
}

@article{weizenbaum1966eliza,
  acmid       = {365168},
  added-at    = {2017-12-14T16:11:04.000+0100},
  address     = {New York, NY, USA},
  author      = {Weizenbaum, Joseph},
  biburl      = {https://www.bibsonomy.org/bibtex/2e531439fb60e718b5f5fa256cc514d56/thoni},
  description = {ELIZA—a computer program for the study of natural language communication between man and machine},
  doi         = {10.1145/365153.365168},
  interhash   = {30d12a67eca0b5ca7f2d7d8288b2b6bb},
  intrahash   = {e531439fb60e718b5f5fa256cc514d56},
  issn        = {0001-0782},
  issue_date  = {Jan. 1966},
  journal     = {Commun. ACM},
  keywords    = {chatbot eliza},
  month       = jan,
  number      = 1,
  numpages    = {10},
  pages       = {36--45},
  publisher   = {ACM},
  timestamp   = {2017-12-14T16:11:04.000+0100},
  title       = {ELIZA a Computer Program for the Study of Natural Language Communication Between Man and Machine},
  url         = {http://doi.acm.org/10.1145/365153.365168},
  volume      = 9,
  year        = 1966
}

@misc{shum2018elizaxiaoicechallengesopportunities,
  title         = {From Eliza to XiaoIce: Challenges and Opportunities with Social Chatbots},
  author        = {Heung-Yeung Shum and Xiaodong He and Di Li},
  year          = {2018},
  eprint        = {1801.01957},
  archiveprefix = {arXiv},
  primaryclass  = {cs.AI},
  url           = {https://arxiv.org/abs/1801.01957}
}

@article{zemcik2019chatbots,
  author  = {Tomáš Zemčík},
  title   = {A Brief History of Chatbots},
  journal = {DEStech Transactions on Computer Science and Engineering},
  year    = {2019},
  doi     = {10.12783/dtcse/aicae2019/31439}
}

@phdthesis{cahn2017chatbot,
  author = {Jonathan Cahn},
  title  = {CHATBOT: Architecture, Design, \& Development},
  school = {University of Pennsylvania, School of Engineering and Applied Science},
  year   = {2017},
  type   = {Ph.D. Thesis}
}

@inproceedings{bradesko2012survey,
  author    = {L. Bradeško and D. Mladenic},
  title     = {A Survey of Chatbot Systems through a Loebner Prize Competition},
  booktitle = {Proceedings of Slovenian Language Technologies Society Eighth Conference of Language Technologies},
  year      = {2012},
  publisher = {Institut Jožef Stefan},
  address   = {Ljubljana, Slovenia},
  pages     = {34--37}
}

@misc{wilcox2014winning,
  author = {B. Wilcox},
  title  = {Winning the Loebner’s},
  year   = {2014},
  url    = {https://www.gamasutra.com/blogs/BruceWilcox/20141020/228091/Winning_the_Loebners.php},
  note   = {Accessed on: 26/11/2020}
}

@article{abushawar2015alice,
  author  = {B. AbuShawar and E. Atwell},
  title   = {ALICE Chatbot: Trials and Outputs},
  journal = {Comput. Y Sist.},
  year    = {2015},
  volume  = {19},
  pages   = {2326},
  doi     = {10.13053/cys-19-4-2326}
}

@misc{dormehl2018xiaoi,
  author = {L. Dormehl},
  title  = {Microsoft’s Friendly Xiaoice A.I Can Figure out What You Want—Before You Ask},
  year   = {2018},
  url    = {https://www.digitaltrends.com/cool-tech/xiaoice-microsoft-future-of-ai-assistants/},
  note   = {Accessed on: 05/05/2021}
}


@misc{spencer2018xiaoi,
  author       = {G. Spencer},
  title        = {Much more than a chatbot: China’s Xiaoice mixes AI with emotions and wins over millions of fans},
  year         = {2018},
  howpublished = {Microsoft Asia News Center},
  url          = {https://news.microsoft.com/apac/features/much-more-than-a-chatbot-chinas-xiaoice-mixes-ai-with-emotions-and-wins-over-millions-of-fans/},
  note         = {Accessed on: 29/06/2021}
}

@article{zhou2019xiaoi,
  author  = {L. Zhou and J. Gao and D. Li and H.Y. Shum},
  title   = {The Design and Implementation of XiaoIce, an Empathetic Social Chatbot},
  journal = {arXiv},
  year    = {2019},
  eprint  = {arXiv:1812.08989}
}
@article{article_cohens_kappa,
  author  = {McHugh, Mary},
  year    = {2012},
  month   = {10},
  pages   = {276-82},
  title   = {Interrater reliability: The kappa statistic},
  volume  = {22},
  journal = {Biochemia medica : časopis Hrvatskoga društva medicinskih biokemičara / HDMB},
  doi     = {10.11613/BM.2012.031}
}